%% This BibTeX bibliography file was created using BibDesk.
%% http://bibdesk.sourceforge.net/

%% Created for Jankin at 2019-06-23 08:30:59 +0100 


%% Saved with string encoding Unicode (UTF-8) 

@article{ledesma2020interpretable,
  title={Interpretable poverty mapping using social media data, satellite images, and geospatial information},
  author={Ledesma, Chiara and Garonita, Oshean Lee and Flores, Lorenzo Jaime and Tingzon, Isabelle and Dalisay, Danielle},
  journal={arXiv preprint arXiv:2011.13563},
  year={2020}
}

@article{zhao2019estimation,
  title={Estimation of poverty using random forest regression with multi-source data: A case study in Bangladesh},
  author={Zhao, Xizhi and Yu, Bailang and Liu, Yan and Chen, Zuoqi and Li, Qiaoxuan and Wang, Congxiao and Wu, Jianping},
  journal={Remote Sensing},
  volume={11},
  number={4},
  pages={375},
  year={2019},
  publisher={Multidisciplinary Digital Publishing Institute}
}

@article{chen2011using,
  title={Using luminosity data as a proxy for economic statistics},
  author={Chen, Xi and Nordhaus, William D},
  journal={Proceedings of the National Academy of Sciences},
  volume={108},
  number={21},
  pages={8589--8594},
  year={2011},
  publisher={National Acad Sciences}
}

 @misc{amidi_amidi_2019, 
 title={Convolutional Neural Networks cheatsheet}, url={https://stanford.edu/~shervine/teaching/cs-230/cheatsheet-convolutional-neural-networks#object-detection}, 
 journal={CS 230 - Convolutional Neural Networks Cheatsheet},
 publisher={Stanford}, 
 author={Amidi, Shervine and Amidi, Afshine}, 
 year={2019}} 
 
 @article{zhongming2020mapping,
  title={Mapping Poverty through Data Integration and Artificial Intelligence: A Special Supplement of the Key Indicators for Asia and the Pacific},
  author={Zhongming, Zhu and Linong, Lu and Xiaona, Yao and Wangqiang, Zhang and Wei, Liu and others},
  year={2020}
}